@article{Whalley2018,
	author = {{L. D. Whalley}},
	year   = {2018},
	Publisher = {Zenodo},
	url = {http://dx.doi.org/10.5281/zenodo.1285137},
	Title = {{effmass: An effective mass calculator}}
}

@article{Fornari2012,
	author = {A. Fornari, C. Sutton},
	year = {2012},
	Title = {Effective Mass Calculator},
	Publisher = {GitHub},
	Url = {https://github.com/afonari/emc},
}

@article{Morgan2018,
  author       = {{B. Morgan}},
  title        = {{vasppy: A Python suite for manipulating VASP input and output}},
  year         = 2018,
  url          = {https://doi.org/10.5281/zenodo.1263753},
  Publisher = {Zenodo}
}

@Book{Ashcroft1976,
author =   {N. W. Ashcroft, N. D. Mermin},
title =    {{Solid State Physics}},
publisher =    {Saunders College},
year =   {1976},
page = {227},
}

@Article{Ariel2012,
author    = {V. Ariel, A. Natan},
title     = {{Effective mass and the Energy-Mass relationship}},
year      = {2012},
url    = {https://arxiv.org/abs/1205.3995},
publisher = {{arXiv}}
}

@article{Kane1957,
title = "Band structure of indium antimonide",
journal = "Journal of Physics and Chemistry of Solids",
volume = "1",
number = "4",
pages = "249 - 261",
year = "1957",
issn = "0022-3697",
url = "https://doi.org/10.1016/0022-3697(57)90013-6",
author = {{E. O. Kane}}
}

@article{Ong2013,
title = "Python Materials Genomics (pymatgen): A robust, open-source python library for materials analysis",
journal = "Computational Materials Science",
volume = "68",
pages = "314 - 319",
year = "2013",
issn = "0927-0256",
url = "https://doi.org/10.1016/j.commatsci.2012.10.028",
author = "S. P. Ong and W. D. Richards and A. Jain and G. Hautier and M. Kocher and S. Cholia and D. Gunter and V. L. Chevrier and K. A. Persson and G. Ceder",
keywords = "Materials, Project, Design, Thermodynamics, High-throughput"
}
	
