@misc{Whalley_JOSS2018,
  author       = {Lucy D. Whalley},
  title        = {effmass: An effective mass package},
  volume       = {3},
  issue        = {28},
  pages        = {797},
  month        = {Aug},
  year         = {2018},
  doi          = {10.21105/joss.00797},
  url          = {http://joss.theoj.org/papers/10.21105/joss.00797}
}
